@comment{x-kbibtex-personnameformatting=<%l><, %f>}

@article{burrows2002delta,
	author = "Burrows, John",
	journal = "Literary and Linguistic Computing",
	number = "3",
	pages = "267--287",
	publisher = "ALLC",
	title = "{{\lq}Delta{\rq}: A measure of stylistic difference and a guide to likely authorship}",
	volume = "17",
	year = "2002"
}

@inproceedings{prokic2012detecting,
	author = "Proki{\'c}, Jelena and \c{C}{\"o}ltekin, \c{C}a\u{g}ri and Nerbonne, John",
	booktitle = "{Proceedings of the EACL 2012 Joint Workshop of LINGVIS \& UNCLH}",
	organization = "Association for Computational Linguistics",
	pages = "72--80",
	title = "{Detecting shibboleths}",
	year = "2012"
}

@article{burrows2007all,
	author = "Burrows, John",
	journal = "Literary and Linguistic Computing",
	number = "1",
	pages = "27--47",
	publisher = "ALLC",
	title = "{All the way through: testing for authorship in different frequency strata}",
	volume = "22",
	year = "2007"
}

@article{hubert1985comparing,
	author = "Hubert, Lawrence and Arabie, Phipps",
	journal = "Journal of classification",
	number = "1",
	pages = "193--218",
	publisher = "Springer",
	title = "{Comparing partitions}",
	volume = "2",
	year = "1985"
}



@book{Mosteller2008,
	abstract = "{The 1964 publication of \_Inference and Disputed Authorship\_ made the cover of\_Time \_magazine and the attention of academics and the public alike for itsuse of statistical methodology to solve one of American history's mostnotorious questions: the disputed authorship of the Federalist Papers.Back in print for a new generation of readers, this classic volume appliesmathematics, including the once-controversial Bayesian analysis, into theheart of a literary and historical problem by studying frequently used wordsin the texts. The reissue of this landmark book will be welcomed by anyoneinterested in the juncture of history, political science, and authorship.}",
	author = "Mosteller, Frederick and Wallace, David L.",
	day = "15",
	edition = "New Ed",
	howpublished = "Paperback",
	isbn = "1575865521",
	keywords = "2008; bayesian; statistics; text",
	month = dec,
	posted-at = "2008-05-20 12:12:43",
	priority = "2",
	publisher = "Center for the Study of Language and Information",
	series = "{The David Hume Series of Philosophy and Cognitive Science Reissues}",
	title = "{Inference and Disputed Authorship: The Federalist}",
	url = "http://www.worldcat.org/isbn/1575865521",
	year = "2008"
}


@inproceedings{Tabata2012,
	author = "Tabata, Tomoji",
	booktitle = "{Proceedings of the Digital Humanities 2012}",
	series = "{DH2012}",
	title = "{Approaching Dickens{\rq} Style through Random Forests}",
	year = "2012"
}
@book{canby1951turn,
  title={Turn West, Turn East: Mark Twain and Henry James},
  author={Canby, Henry Seidel},
  year={1951},
  publisher={Biblo \& Tannen Publishers}
}

